@book{hyndman2008,
  title={Forecasting with exponential smoothing: the state space approach},
  author={Hyndman, Rob and Koehler, Anne B and Ord, J Keith and Snyder, Ralph D},
  year={2008},
  publisher={Springer Science \& Business Media}
}

@misc{forecast,
  title={forecast: Forecasting functions for time series and linear models, 2019, R package version 8.7},
  author={Hyndman, R and Athanasopoulos, G and Bergmeir, C and Caceres, G and Chhay, L and Oâ€™Hara-Wild, M and Petropoulos, F and Razbash, S and Wang, E and Yasmeen, F},
  year={2017}
}

@book{morettin2006,
  title={An{\'a}lise de s{\'e}ries temporais},
  author={P. Morettin and C. Toloi},
  year={2006},
  publisher={Editora Bluscher}
}